@misc{barsoum2017hpgan,
  title={{HP-GAN: Probabilistic 3D human motion prediction via GAN}}, 
  author={Emad Barsoum and John Kender and Zicheng Liu},
  year={2017},
  eprint={1711.09561},
  archivePrefix={arXiv},
  primaryClass={cs.CV}
}

@misc{richardson2018gans,
  title={{On GANs and GMMs}}, 
  author={Eitan Richardson and Yair Weiss},
  year={2018},
  eprint={1805.12462},
  archivePrefix={arXiv},
  primaryClass={cs.CV}
}
