@article{Rahayfeh2013,
  author={A. {Al-Rahayfeh} and M. {Faezipour}},
  journal={IEEE Journal of Translational Engineering in Health and Medicine}, 
  title={Eye Tracking and Head Movement Detection: A State-of-Art Survey}, 
  year={2013},
  volume={1},
  number={},
  pages={2100212 -2100212 },
  doi={10.1109/JTEHM.2013.2289879}
}

@article{Bieshaar2018,
  author={M. {Bieshaar} and S. {Zernetsch} and A. {Hubert} and B. {Sick} and K. {Doll}},
  journal={IEEE Transactions on Intelligent Vehicles}, 
  title={Cooperative Starting Movement Detection of Cyclists Using Convolutional Neural Networks and a Boosted Stacking Ensemble}, 
  year={2018},
  volume={3},
  number={4},
  pages={534-544},
  doi={10.1109/TIV.2018.2873900}
}

@article{Gao2016,
  author={Gao, Tao and Kasabov, Nikola},
  title={Adaptive cow movement detection using evolving spiking neural network models},
  journal={Evolving Systems},
  year={2016},
  month={Dec},
  day={01},
  volume={7},
  number={4},
  pages={277-285},
  issn={1868-6486},
  doi={10.1007/s12530-016-9144-x},
  url={https://doi.org/10.1007/s12530-016-9144-x}
}

@article{Cust2019,
  author = {Emily E Cust and Alice J Sweeting and Kevin Ball and Sam Robertson},
  title = {Machine and deep learning for sport-specific movement recognition: a systematic review of model development and performance},
  journal = {Journal of Sports Sciences},
  volume = {37},
  number = {5},
  pages = {568-600},
  year  = {2019},
  publisher = {Routledge},
  doi = {10.1080/02640414.2018.1521769},
  note ={PMID: 30307362},
  url = {https://doi.org/10.1080/02640414.2018.1521769}
}